<collection xmlns="http://www.loc.gov/MARC21/slim"><record><leader>00737nam  2200217   450</leader><controlfield tag="001">235</controlfield><controlfield tag="003">http://montalegre.opacnet.com/OPAC/default.aspx?ContentAreaControl=ShowRegHoldings.ascx&amp;RegNo=16662</controlfield><datafield tag="095" ind1=" " ind2=" "><subfield code="a">PTBN00088315</subfield></datafield><datafield tag="100" ind1=" " ind2=" "><subfield code="a">19951101d1978    m  y0pora010305  ba</subfield></datafield><datafield tag="101" ind1="1" ind2=" "><subfield code="a">por</subfield><subfield code="c">eng</subfield></datafield><datafield tag="102" ind1=" " ind2=" "><subfield code="a">PT</subfield></datafield><datafield tag="200" ind1="1" ind2=" "><subfield code="a">Lord Jim</subfield><subfield code="f">Joseph Conrad</subfield><subfield code="g">trad. Cármen Gonzalez</subfield></datafield><datafield tag="210" ind1=" " ind2=" "><subfield code="a">Mem Martins</subfield><subfield code="c">Europa-América</subfield><subfield code="d">[D.L. 1978]</subfield></datafield><datafield tag="215" ind1=" " ind2=" "><subfield code="a">380 p.</subfield><subfield code="d">18 cm</subfield></datafield><datafield tag="225" ind1="2" ind2=" "><subfield code="a">Livros de bolso Europa-América</subfield><subfield code="v">189)</subfield></datafield><datafield tag="675" ind1=" " ind2=" "><subfield code="a">821</subfield><subfield code="v">bn</subfield><subfield code="z">por</subfield></datafield><datafield tag="700" ind1=" " ind2="1"><subfield code="a">Conrad</subfield><subfield code="b">Joseph</subfield><subfield code="f">1857-1924</subfield></datafield><datafield tag="702" ind1=" " ind2="1"><subfield code="9">1</subfield><subfield code="a">González</subfield><subfield code="b">Carmen</subfield><subfield code="4">730</subfield></datafield><datafield tag="801" ind1=" " ind2="0"><subfield code="a">PT</subfield><subfield code="b">Biblioteca Municipal de Montalegre</subfield><subfield code="g">RPC</subfield></datafield><datafield tag="856" ind1=" " ind2=" "><subfield code="u">locateMedia.asp?cod=20060510151340&amp;ext=jpg</subfield><subfield code="z">CAPA</subfield></datafield><datafield tag="909" ind1="&#9;" ind2=" "><subfield code="a">2</subfield></datafield><datafield tag="966" ind1=" " ind2=" "><subfield code="a">0008517</subfield><subfield code="l">BMM</subfield><subfield code="s">SCG 821 CON lor 189</subfield></datafield><datafield tag="966" ind1=" " ind2=" "><subfield code="a">0008386</subfield><subfield code="l">BMM</subfield><subfield code="s">SCG 821 CON lor 189</subfield></datafield></record></collection>